@CONFERENCE{1,
	author =       {Nicky Randles},
	title =        {References are brought in from bib file 'bibliography.bib'},
	year =         {2015},
	address =      {Dublin, Ireland},
	organization = {Institute of Technology, Blanchardstown},
}



